<?xml version="1.0" encoding="UTF-8"?><collection xmlns="http://www.loc.gov/MARC21/slim"><record><leader>00379nam--2200133-i-4500</leader><controlfield tag="001">000023303</controlfield><controlfield tag="002">20161230</controlfield><controlfield tag="005">20161230201035</controlfield><controlfield tag="008">060222s1000------------r-----000-0-eng-d</controlfield><datafield ind1=" " ind2=" " tag="080"><subfield code="a">541.12.03</subfield></datafield><datafield ind1=" " ind2=" " tag="100"><subfield code="a">Holubek, Jiri-strouf, Oldrich</subfield></datafield><datafield ind1=" " ind2=" " tag="245"><subfield code="a">Spectral data and physical constants of alkaloids</subfield></datafield><datafield ind1=" " ind2=" " tag="260"><subfield code="a">Plant Index-subject Index I-iv, Prague, Academia 1964</subfield></datafield><datafield ind1=" " ind2=" " tag="852"><subfield code="a">27763</subfield></datafield></record></collection>